
@Misc{aurelius,
  author = "{A. Herout}",
  title =  "{Aurelius}",
  note   = "\\ \url{https://www.fit.vutbr.cz/study/courses/PGR/private/.cs}",
}

@Misc{cone,
	author = "{D. Zorin}",
	title =  "{Raytracing II}",
	note   = "\\ \url{http://mrl.nyu.edu/~dzorin/rend05/lecture2.pdf}",
}

@Misc{reflect,
	title =  "{Reflecting a Vector}",
	note   = "\\ \url{http://www.3dkingdoms.com/weekly/weekly.php?a=2}",
}

@Misc{phong,
	author = "{C. Hock-Chuan}",
	title =  "{3D Graphics with OpenGL -- Basic Theory}",
	note   = "\\ \url{https://www.ntu.edu.sg/home/ehchua/programming/opengl/CG_BasicsTheory.html}",
}

@Misc{aabb,
	author = "{zacharmarz}",
	note   = "\\ \url{http://gamedev.stackexchange.com/questions/18436/most-efficient-aabb-vs-ray-collision-algorithms}",
}
